@misc{parallel,
author   = {Sage Development Team.},
title   = {Sage Documentation},
howpublished = {\url{http://www.sagemath.org/pdf/en/reference/parallel/parallel.pdf}}
}
@misc{bigdata,
author   = {Michael Stonebraker.},
title   = {What does Big Data mean?},
howpublished = {\url{http://cacm.acm.org/blogs/blog-cacm/156102-what-does-big-data-mean-part-2/fulltext}}
}
@misc{combine,
author   = {eMathZone.},
title   = {Combined Variance},
howpublished = {\url{http://www.emathzone.com/tutorials/basic-statistics/combined-variance.html}}
}
@misc{covariance,
author   = {Janine Bennett.},
title   = {Numerically Stable, Single-Pass, Parallel Statistics Algorithms},
howpublished = {\url{http://www.janinebennett.org/index_files/ParallelStatisticsAlgorithms.pdf}}
}
@misc{pairwise,
author   = {Tony Chan.},
title   = {Updating Formulae and a Pairwise Algorithm for Computing Sample Variances},
howpublished = {\url{ftp://reports.stanford.edu/pub/cstr/reports/cs/tr/79/773/CS-TR-79-773.pdf}}
}
@misc{wiki,
author   = {Wikipedia.},
title   = {Algorithms to calculate Variance and Covariance},
howpublished = {\url{http://en.wikipedia.org/wiki/Algorithms_for_calculating_variance}}
}
